@article{Rasch2020,
  doi = {10.1057/s41309-020-00099-5},
  url = {https://doi.org/10.1057/s41309-020-00099-5}, Titel anhand dieser DOI in Citavi-Projekt Ã¼bernehmen
  year = {2020},
  month = aug,
  publisher = {Springer Science and Business Media {LLC}},
  volume = {9},
  number = {3},
  pages = {330--341},
  author = {Daniel Rasch and Florian Spohr and Rainer Eising and Simon Ress},
  title = {Uncovering interest group participation in Germany: web collection of written statements in ministries and the parliament},
  journal = {Interest Groups {\&} Advocacy}
}
