@article{Bhm2018,
  doi = {10.3790/sfo.67.8-9.645},
  url = {https://doi.org/10.3790/sfo.67.8-9.645}, Titel anhand dieser DOI in Citavi-Projekt Ã¼bernehmen
  year = {2018},
  month = aug,
  publisher = {Duncker {\&} Humblot {GmbH}},
  volume = {67},
  number = {8-9},
  pages = {645--666},
  author = {Katharina B\"{o}hm,  and Simon Ress},
  title = {Pr\"{a}vention als neues Paradigma der Gesundheitspolitik in {OECD}-L\"{a}ndern? Trends und Erkl\"{a}rungsfaktoren der Pr\"{a}ventionsausgaben},
  journal = {Sozialer Fortschritt}
}
